@Book{Doan2012a,
  author    = {AnHai Doan and Alon Y. Halevy and Zachary G. Ives},
  publisher = {Morgan Kaufmann},
  title     = {Principles of Data Integration},
  year      = {2012},
  isbn      = {978-0-12-416044-6},
  bibsource = {dblp computer science bibliography, https://dblp.org},
  biburl    = {https://dblp.org/rec/books/daglib/0029346.bib},
  groups    = {Data Integration},
  url       = {http://research.cs.wisc.edu/dibook/},
}

@InBook{Menzel2021,
  author      = {Sina Menzel and Hannes Schnaitter and Josefine Zinck and Vivien Petras and Clemens Neudecker and Kai Labusch and Elena Leitner and Georg Rehm},
  editor      = {Michael Franke-Maier and Anna Kasprzik and Andreas Ledl and Hans Schürmann},
  pages       = {229--258},
  publisher   = {De Gruyter Saur},
  title       = {Named Entity Linking mit Wikidata und GND – Das Potenzial handkuratierter und strukturierter Datenquellen für die semantische Anreicherung von Volltexten},
  year        = {2021},
  address     = {Berlin, Boston},
  isbn        = {9783110691597},
  booktitle   = {Qualität in der Inhaltserschließung},
  doi         = {doi:10.1515/9783110691597-012},
  groups      = {SoNAR (IDH)},
  lastchecked = {2022-10-31},
  printed     = {printed},
  url         = {https://doi.org/10.1515/9783110691597-012},
}

@Comment{jabref-meta: databaseType:bibtex;}

@Comment{jabref-meta: grouping:
0 AllEntriesGroup:;
1 StaticGroup:Data Integration\;0\;0\;0x8a8a8aff\;\;\;;
1 StaticGroup:SoNAR (IDH)\;0\;1\;0x8a8a8aff\;\;\;;
}
